
@misc {RiotGamesThirdPartyApplication,
   url = {https://support-leagueoflegends.riotgames.com/hc/en-us/articles/225266848},
   year = {2022},
   title = {Third Party Applications},
   author = {Chipteck},
}